% This file was created with JabRef 2.7.2.
% Encoding: Cp1252

@ARTICLE{song,
  author = {Goyet},
  title = {Somebody},
  journal = {Song},
  year = {2011},
  volume = {2},
  pages = {3},
  owner = {Rodrigo},
  timestamp = {2012.04.26}
}

@ARTICLE{loser,
  author = {Perdedor},
  title = {Cómo perder el tiempo},
  journal = {AAA},
  owner = {Rodrigo},
  timestamp = {2012.04.26}
}

@ARTICLE{test1,
  author = {Rodry},
  title = {Prueba},
  journal = {IEEE},
  year = {2012},
  owner = {Rodrigo},
  timestamp = {2012.04.25}
}

@BOOK{Juancho,
  title = {Las aventuras de Tintin},
  publisher = {Pakito},
  year = {1900},
  editor = {Elsevier},
  author = {Juancho Roy},
  owner = {Rodrigo},
  timestamp = {2012.04.26}
}

